@Article{example,
  author = "example",
  title = "example",
  journal = "example",
} 
