@Article{example,
  author = "example",
  title = "example",
  journal = "example",
}

%original hebb idea
@Book{Hebb49,
    address = "New York",
    author = "Hebb, D. O.",
    booktitle = "The Organization of Behavior",
    publisher = "Wiley",
    title = "The Organization of Behavior",
    year = "1949"
}

@misc{pelillo,
    author    = "Pelillo, M.",
    title     = "Artificial Intelligence Course",
    year     = "2014",
}

%pseudo inverse
@Article{personnazcoll,
	author = "L. Personnaz, I. Guyon and G. Dreyfus.",
	title = "Collective computational properties of neural networks: New learning mechanisms",
	journal = "Phys. Rev. A",
	year = {1986},
}

%pseudo inverse
@article{wei584397storage,
  title={Storage Capacity of Letter Recognition in Hopfield Networks},
  author={Wei, Gang and Yu, Zheyuan},
  journal={Faculty of Computer Science, Dalhousie University, http://citeseer. ist. psu. edu/584397. html}
}

%storkey 
@INPROCEEDINGS{Storkey97increasingthe,
    author = {Amos Storkey},
    title = {Increasing the capacity of a Hopfield network without sacrificing functionality},
    booktitle = {ICANN97: Lecture Notes in Computer Science 1327},
    year = {1997},
    pages = {451--456},
    publisher = {Springer-Verlag}
}